<?xml version="1.0" encoding="UTF-8"?><collection xmlns="http://www.loc.gov/MARC21/slim"><record><leader>00589nam--2200193-u-4500</leader><controlfield tag="001">000050642</controlfield><controlfield tag="002">20161230</controlfield><controlfield tag="005">20161230201048</controlfield><controlfield tag="008">080226s1000------------r-----000-0-eng-d</controlfield><datafield ind1=" " ind2=" " tag="020"><subfield code="a">0-82118-1178-9</subfield></datafield><datafield ind1=" " ind2=" " tag="040"><subfield code="a">IFIN-HH</subfield></datafield><datafield ind1="1" ind2=" " tag="100"><subfield code="a">Karasev,M.V.(Ed.)</subfield></datafield><datafield ind1="1" ind2="0" tag="245"><subfield code="a">Coherent Transform, Quantization and Poisson Geometry</subfield></datafield><datafield ind1=" " ind2=" " tag="260"><subfield code="a">Providence</subfield><subfield code="b">American Mathematical Society</subfield><subfield code="c">1998</subfield></datafield><datafield ind1=" " ind2=" " tag="300"><subfield code="a">360 p</subfield></datafield><datafield ind1=" " ind2=" " tag="490"><subfield code="a">Advances in the Mathematical Sciences - 40</subfield><subfield code="v">Series 2 - Vol.187</subfield></datafield><datafield ind1=" " ind2="4" tag="650"><subfield code="a">Non-Lie Permutation Representation</subfield></datafield><datafield ind1=" " ind2=" " tag="852"><subfield code="a">81464</subfield><subfield code="c">513</subfield></datafield><datafield ind1=" " ind2=" " tag="CAT"><subfield code="a">Sys</subfield><subfield code="c">20080602</subfield><subfield code="h">121326</subfield></datafield></record></collection>